@Book{Xie2018,
  author = 	 {Yihui Xie and J.J. Allaire and Garrett Grolemund},
  title = 	 {R Markdown, The Definitive Guide},
  publisher = 	 {Chapman and Hall/CRC},
  year = 	 2018,
  url = {https://bookdown.org/yihui/rmarkdown/}}

@Manual{R,
    title = {R: A Language and Environment for Statistical Computing},
    author = {{R Core Team}},
    organization = {R Foundation for Statistical Computing},
    address = {Vienna, Austria},
    year = {2017},
    url = {https://www.R-project.org/},
}

@book{Lafaye2013,
  title={The R Software: Fundamentals of Programming and Statistical Analysis},
  author={{Lafaye de Micheaux}, P. and Drouilhet, R. and Liquet, B.},
  isbn={9781461490203},
  series={Statistics and Computing},
  url={https://books.google.fr/books?id=Ji-8BAAAQBAJ},
  year={2013},
  publisher={Springer New York}
}

@misc{nswEnergyConsumption,
	title = {{E}nergy {C}onsumption | {N}{S}{W} {S}tate of the {E}nvironment --- soe.epa.nsw.gov.au},
    author = {www.soe.epa.nsw.gov.au},
	howpublished = {\url{https://www.soe.epa.nsw.gov.au/all-themes/human-settlement/energy-consumption}},
	year = {},
	note = {[Accessed 21-09-2024]}
}

@misc{nswEnergyConsumption2021,
	title = {{E}nergy {C}onsumption 2021 | {N}{S}{W} {S}tate of the {E}nvironment --- soe.epa.nsw.gov.au},
    author = {www.soe.epa.nsw.gov.au},
	howpublished = {\url{https://www.soe.epa.nsw.gov.au/all-themes/human-settlement/energy-consumption-2021}},
	year = {2021},
	note = {[Accessed 21-09-2024]}
}

@misc{nsw_epa_2021_energy_consumption,
  title        = {Energy Consumption 2021},
  author       = {{NSW EPA}},
  year         = {2021},
  url          = {https://www.soe.epa.nsw.gov.au/all-themes/human-settlement/energy-consumption-2021},
  note         = {Accessed: 2024-09-22}
}

@misc{AEMO,
	author = {{AEMO}},
	title = {Forecasting Approach – Electricity Demand Forecasting Methodology},
	howpublished = {\url{https://aemo.com.au/-/media/files/electricity/nem/planning_and_forecasting/nem_esoo/2023/forecasting-approach_electricity-demand-forecasting-methodology_final.pdf}},
	year = {2022},
	note = {[Accessed 21-09-2024]}
}

@misc{nswAdaptNSW,
	author = {{Adapt NSW}},
	title = {{N}{S}{W} | {A}dapt{N}{S}{W} -- climatechange.environment.nsw.gov.au},
	howpublished = {\url{https://www.climatechange.environment.nsw.gov.au/my-region/nsw}},
	year = {2024},
	note = {[Accessed 21-09-2024]}
}

@techreport{aemo2023forecasting,
  title        = {Forecasting Approach: Electricity Demand Forecasting Methodology},
  author       = {{Australian Energy Market Operator (AEMO)}},
  year         = {2023},
  url          = {https://aemo.com.au/-/media/files/electricity/nem/planning_and_forecasting/nem_esoo/2023/forecasting-approach_electricity-demand-forecasting-methodology_final.pdf},
  institution  = {Australian Energy Market Operator},
  note         = {Accessed: 2024-09-22}
}

@article{Wang2021,
  title = {Short-term load forecasting of industrial customers based on SVMD and XGBoost},
  author = {Wang, Y. and Sun, S. and Chen, X. and Zeng, X. and Kong, Y. and Chen, J. and Guo, Y. and Wang, T.},
  journal = {International Journal of Electrical Power \& Energy Systems},
  volume = {129},
  pages = {106830},
  year = {2021},
  doi = {https://doi.org/10.1016/j.ijepes.2021.106830}
}


@article{asi6060100,
    author = {Chapagain, Kamal and Gurung, Samundra and Kulthanavit, Pisut and Kittipiyakul, Somsak},
    title = {Short-Term Electricity Demand Forecasting Using Deep Neural Networks: An Analysis for Thai Data},
    journal = {Applied System Innovation},
    volume = {6},
    year = {2023},
    number = {6},
    article-number = {100},
    url = {https://www.mdpi.com/2571-5577/6/6/100},
    ISSN = {2571-5577},
    doi = {10.3390/asi6060100}
}

@article{Fan2012,
  title = {Short-Term Load Forecasting Based on a Semi-Parametric Additive Model},
  author = {Fan, S. and Hyndman, R.J.},
  journal = {IEEE Transactions on Power Systems},
  volume = {27},
  number = {1},
  pages = {134--141},
  year = {2012},
  doi = {https://doi.org/10.1109/tpwrs.2011.2162082}
}

@INPROCEEDINGS{6038881,
  author={Hong, Tao and Wang, Pu and Willis, H. Lee},
  booktitle={2011 IEEE Power and Energy Society General Meeting}, 
  title={A Naïve multiple linear regression benchmark for short term load forecasting}, 
  year={2011},
  volume={},
  number={},
  pages={1-6},
  keywords={Load modeling;Benchmark testing;Predictive models;Load forecasting;Forecasting;Polynomials;Accuracy;load forecasting;power systems planning},
  doi={10.1109/PES.2011.6038881}
}


@article{Spiliotis2022,
title={Decision Trees for Time-Series Forecasting},
author={Spiliotis, Evangelos},
journal={Foresight: The International Journal of Applied Forecasting},
volume={64},
number={1},
pages={30--44},
year={2022}
}

@article{assimakopoulos2000theta,
  title={The theta model: A decomposition approach to forecasting},
  author={Assimakopoulos, Vassilis and   
 Nikolopoulos, K.},
  journal={International Journal of Forecasting},
  volume={16},
  number={4},
  pages={521--530},
  year={2000}
}

@article{shannon1948mathematical,
title={A mathematical theory of communication},
author={Shannon, Claude E},
journal={The Bell System Technical Journal},
volume={27},
number={3},
pages={379--423},
year={1948}
}

@book{box1970time,
  title={Time series analysis: Forecasting and control},
  author={Box, G. E. P. and Jenkins, G. M.},
  year={1970},
  publisher={Holden-Day}
}

@article{Hyndman2008,
title={Automatic {ARIMA} modeling},
author={Hyndman, Rob J. and Khandakar, Y.},
journal={Journal of Statistical Software},
year={2008},
volume={27},
number={3},
pages={1--22}
}

@article{taylor2017facebook,
title={Facebook Prophet: Forecasting Time Series with Additive Models},
author={Taylor, S. J. and Letham, B.},
journal={Journal of the American Statistical Association},
year={2017}
}

@article{hyndman2002forecasting,
  title={Forecasting time series with exponential smoothing: An R package},
  author={Hyndman, Rob J and Allan, David and Koehler, Abraham B},
  journal={Journal of Statistical Software},
  year={2002}
}

@article{Roberts1959,
  title={Prediction intervals for exponential smoothing models},
  author={Roberts, D. W.},
  journal={Journal of the Royal Statistical Society. Series B (Methodological)},
  volume={21},
  number={1},
  pages={1--29},
  year={1959}
}

@misc{tsfresh,
  title={tsfresh},
  publisher={Read the Docs},
  url={\url{https://tsfresh.readthedocs.io/en/latest/}},
  note="[Online; accessed 2024-09-01]",
  year={2024}
}

@misc{tsfeatures,
  publisher = {Nixtla},
  title = {tsfeatures},
  url = {\url{https://github.com/Nixtla/tsfeatures/}},
  note="[Online; accessed 2024-09-01]",
  year = {2024}
}

@article{salinas2017deepar,
  title={DeepAR: Probabilistic forecasting with autoregressive recurrent neural networks},
  author={Salinas, David and Flunkert, Valentin and Gasthaus, Jan and Januschowski, Tim and Van den Oord, Aaron},
  year={2017}
}

@Article{HochreiterSchmidhuber1997,
author = {Sepp Hochreiter and Jürgen Schmidhuber},
title = {Long Short-Term Memory},
journal = {Neural Computation},
year = {1997},
volume = {9},
number = {8},
pages = {1735--1780},
doi = {10.1162/neco.1997.9.8.1735}
} 

@article{Hochreiter1997Long,
title={Long short-term memory},
author={Hochreiter, Sepp and Schmidhuber, J{"u}rgen},
journal={Neural Computation},
volume={9},
number={8},
pages={1735--1780},
year={1997}
}

@article{lai2005forecasting,
  title={Forecasting stock market prices using neural networks and technical indicators},
  author={Lai, K. S. and Yu, L. and Wei, H. H.},
  journal={Neurocomputing},
  volume={64},
  number={1-3},
  pages={93--105},
  year={2005}
}

@article{chen2020novel,
  title={A novel hybrid forecasting model based on XGBoost and LSTM for air quality prediction},
  author={Chen, J. and Huang, X. and Zheng, Y.},
  journal={Journal of Cleaner Production},
  volume={277},
  pages={123527},
  year={2020}
}

@article{wang2016review,
  title={A review of electricity load forecasting techniques},
  author={Wang, Y. and Wang, L. and Xu, L. and Zhang, B. and Liu, X. and Wang, J.},
  journal={Renewable and Sustainable Energy Reviews},
  volume={56},
  pages={176--189},
  year={2016}
}

@article{chen2015electricity,
  title={Electricity load forecasting: A review},
  author={Chen, C. and Wang, P. and Liu, H. and Wang, Y. and Liu, Z.},
  journal={Renewable and Sustainable Energy Reviews},
  volume={41},
  pages={515--527},
  year={2015}
}

@article{taylor2009forecasting,
  title={Forecasting electricity demand: A review of methods and approaches},
  author={Taylor, J. W. and McSharry, P. E.},
  journal={Energy Policy},
  volume={37},
  number={4},
  pages={1279--1292},
  year={2009}
}

@article{mcculloch2001forecasting,
  title={Forecasting electricity demand: A comparative study},
  author={McCulloch, R. E. and Tsay, R. S. and Wu, P.},
  journal={International Journal of Forecasting},
  volume={17},
  number={1},
  pages={3--18},
  year={2001}
}

@INPROCEEDINGS {Suo,
author = {G. Suo and L. Song and Y. Dou and Z. Cui},
booktitle = {2019 18th International Symposium on Distributed Computing and Applications for Business Engineering and Science (DCABES)},
title = {Multi-dimensional Short-Term Load Forecasting Based on XGBoost and Fireworks Algorithm},
year = {2019},
pages = {245-248},
publisher = {{IEEE} Computer Society},
address = {Los Alamitos, CA, USA},
month = {Nov.}
}

@article{9812604,
  author={Ahmad, Naqash and Ghadi, Yazeed and Adnan, Muhammad and Ali, Mansoor},
  journal={IEEE Access}, 
  title={Load Forecasting Techniques for Power System: Research Challenges and Survey}, 
  year={2022},
  volume={10},
  number={},
  pages={71054-71090},
  keywords={Load forecasting;Load modeling;Forecasting;Predictive models;Biological system modeling;Companies;Meteorology;Load forecasting;machine learning;load shedding;root mean squared error;mean absolute percentage error},
  doi={10.1109/ACCESS.2022.3187839}
}