@article{Hochreiter1997,
  author  = {Sepp Hochreiter and Jürgen Schmidhuber},
  title   = {Long short-term memory},
  journal = {Neural Computation},
  year    = {1997},
  volume  = {9},
  number  = {8},
  pages   = {1735--1780},
  publisher = {MIT Press}
}

@article{Chung2014,
  author    = {Junyoung Chung and Caglar Gulcehre and Kyunghyun Cho and Yoshua Bengio},
  title     = {Empirical Evaluation of Gated Recurrent Neural Networks on Sequence Modeling},
  journal   = {arXiv preprint arXiv:1412.3555},
  year      = {2014}
}

@book{Nielsen2015,
  author    = {Michael Nielsen},
  title     = {Neural Networks and Deep Learning},
  year      = {2015},
  publisher = {Determination Press},
  url       = {http://neuralnetworksanddeeplearning.com/}
}

@article{Wolpert1992,
  author    = {David H. Wolpert},
  title     = {Stacked Generalization},
  journal   = {Neural Networks},
  year      = {1992},
  volume    = {5},
  issue     = {2},
  pages     = {241-259},
  doi       = {10.1016/S0893-6080(05)80023-1}
}

@article{Huang2016,
  author    = {Huang Yuansheng and Huang Shenhai and Song Jiayin},
  title     = {A Novel Hybrid Method for Short-Term Power Load Forecasting},
  journal   = {Journal of Electrical and Computer Engineering},
  year      = {2016},
  volume    = {2016},
  pages     = {1-10},
  doi       = {10.1155/2016/2165324},
  publisher = {Hindawi},
  license   = {CC BY},
}

@article{Chung_Jang_2022, 
  title={Accurate prediction of electricity consumption using a hybrid CNN-LSTM model based on multivariable data}, 
  volume={17}, 
  DOI={10.1371/journal.pone.0278071}, 
  number={11}, journal={PLOS ONE}, 
  author={Chung, Jaewon and Jang, Beakcheol}, 
  year={2022}, 
  month={Nov}
} 

@article{Kim_Cho_2019, 
  title={Predicting residential energy consumption using CNN-LSTM neural networks}, 
  volume={182}, 
  DOI={10.1016/j.energy.2019.05.230}, 
  journal={Energy}, 
  author={Kim, Tae-Young and Cho, Sung-Bae}, 
  year={2019}, 
  month={Sep}, 
  pages={72–81}
} 

@article{Kang_Lim_Tayara_Chong_2020, 
  title={Forecasting of power demands using Deep Learning}, 
  volume={10}, DOI={10.3390/app10207241}, 
  number={20}, 
  journal={Applied Sciences}, 
  author={Kang, Taehyung and Lim, Dae Yeong and Tayara, Hilal and Chong, Kil To}, 
  year={2020}, 
  month={Oct}, 
  pages={7241}
} 

@article{Torres_Martínez-Álvarez_Troncoso_2022, 
  title={A DEEP LSTM network for the Spanish electricity consumption forecasting}, 
  volume={34}, DOI={10.1007/s00521-021-06773-2}, 
  number={13}, 
  journal={Neural Computing and Applications}, 
  author={Torres, J. F. and Martínez-Álvarez, F. and Troncoso, A.}, 
  year={2022}, 
  month={Feb}, 
  pages={10533–10545}
} 

@article{Makri_Guedira_ElHarraki_ElHani_2021, 
  title={Deep Neural Networks for forecasting build energy load}, 
  DOI={10.5220/0010733100003101}, 
  journal={Proceedings of the 2nd International Conference on Big Data, 
  Modelling and Machine Learning}, 
  author={Makri, Chaymae and Guedira, Said and El Harraki, Imad and El Hani, Soumia}, 
  year={2021}
} 

@article{Abumohsen_Owda_Owda_2023, 
  title={Electrical load forecasting using LSTM, GRU, and RNN algorithms}, 
  volume={16}, 
  DOI={10.3390/en16052283}, 
  number={5}, 
  journal={Energies}, 
  author={Abumohsen, Mobarak and Owda, Amani Yousef and Owda, Majdi}, 
  year={2023}, 
  month={Feb}, 
  pages={2283}
} 

@article{Amarasinghe_Marino_Manic_2017, 
  title={Deep Neural Networks for energy load forecasting}, 
  DOI={10.1109/isie.2017.8001465}, 
  journal={2017 IEEE 26th International Symposium on Industrial Electronics (ISIE)}, 
  author={Amarasinghe, Kasun and Marino, Daniel L. and Manic, Milos}, 
  year={2017}, 
  month={Jun}
} 
